
@article{Chekired2018Industrial,
  title={Industrial IoT Data Scheduling based on Hierarchical Fog Computing: A key for Enabling Smart Factory},
  author={Chekired, Djabir Abdeldjalil and Khoukhi, Lyes and Mouftah, Hussein T.},
  journal={IEEE Transactions on Industrial Informatics},
  volume={PP},
  number={99},
  pages={1-1},
  year={2018},
}
@article{cheng2018industrial,
  title={Industrial IoT in 5G environment towards smart manufacturing},
  author={Cheng, Jiangfeng and Chen, Weihai and Tao, Fei and Lin, Chun-Liang},
  journal={Journal of Industrial Information Integration},
  volume={10},
  pages={10--19},
  year={2018},
  publisher={Elsevier}
}

@article{da2014internet,
  title={Internet of things in industries: A survey},
  author={Da Xu, Li and He, Wu and Li, Shancang},
  journal={IEEE Transactions on industrial informatics},
  volume={10},
  number={4},
  pages={2233--2243},
  year={2014},
  publisher={IEEE}
}

@article{Liu2016Traversing,
  title={Traversing knowledge networks: an algorithmic historiography of extant literature on the Internet of Things (IoT)},
  author={Liu, Fei and Tan, Chee Wee and Lim, Eric T. K. and Choi, Ben},
  journal={Journal of Management Analytics},
  volume={4},
  number={1},
  pages={3-34},
  year={2016},
}

@article{Li20185G,
  title={5G Internet of Things: A Survey},
  author={Li, Shancang and Xu, Li Da and Zhao, Shanshan},
  journal={Journal of Industrial Information Integration},
  year={2018},
}
%Formal verification
@inproceedings{jiang2013system,
  title={System reliability calculation based on the run-time analysis of ladder program},
  author={Jiang, Yu and Zhang, Hehua and Liu, Han and Song, Xiaoyu and Hung, William NN and Gu, Ming and Sun, Jiaguang},
  booktitle={Proceedings of the 2013 9th joint meeting on foundations of software engineering},
  pages={695--698},
  year={2013},
  organization={ACM}
}
@article{Jiang2013Bayesian,
  title={Bayesian-Network-Based Reliability Analysis of PLC Systems},
  author={Jiang, Yu and Zhang, Hehua and Song, Xiaoyu and Jiao, Xun and Hung, William N. N. and Gu, Ming and Sun, Jiaguang},
  journal={IEEE Transactions on Industrial Electronics},
  volume={60},
  number={11},
  pages={5325-5336},
  year={2013},
}
@article{Adiego2015Applying,
  title={Applying Model Checking to Industrial-Sized PLC Programs},
  author={Adiego, Borja Fernández and Darvas, Dániel and Viñuela, Enrique Blanco and Tournier, Jean Charles and Bliudze, Simon and Blech, Jan Olaf and Suárez, Víctor Manuel González},
  journal={IEEE Transactions on Industrial Informatics},
  volume={11},
  number={6},
  pages={1400-1410},
  year={2015},
}



@article{Gerk2006Advanced,
  title={Advanced control algorithms embedded in a programmable logic controller},
  author={Gerkšič, Samo and Dolanc, Gregor and Vrančić, Damir and Kocijan, Juš and Strmčnik, Stanko and Blažič, Sašo and Škrjanc, Igor and Marinšek, Zoran and Božiček, Miha and Stathaki, Anna},
  journal={Control Engineering Practice},
  volume={14},
  number={8},
  pages={935-948},
  year={2006},
}

@article{Chang2007Adaptive,
  title={Adaptive Fuzzy Controller of the Overhead Cranes With Nonlinear Disturbance},
  author={Chang, Cheng Yuan},
  journal={IEEE Transactions on Industrial Informatics},
  volume={3},
  number={2},
  pages={164-172},
  year={2007},
}



@article{Dominic2016PLC,
  title={PLC-based Real-time Realization of Flatness-Based Feedforward Control for Industrial Compression Systems},
  author={Dominic, Shane and Lohr, Yannik and Schwung, Andreas and Ding, Steven X.},
  journal={IEEE Transactions on Industrial Electronics},
  volume={PP},
  number={99},
  pages={1-1},
  year={2016},
}

@article{Hajduk2015Architecture,
  title={Architecture of FPGA Embedded Multiprocessor Programmable Controller},
  author={Hajduk, Zbigniew and Trybus, Bartosz and Sadolewski, Jan},
  journal={IEEE Transactions on Industrial Electronics},
  volume={62},
  number={5},
  pages={2952-2961},
  year={2015},
}
@inproceedings{Chmiel2016An,
  title={An IEC 61131-3-based PLC implemented by means of an FPGA},
  author={Chmiel, M. and Kulisz, J. and Czerwinski, R. and Krzyzyk, A. and Rosol, M. and Smolarek, P.},
  booktitle={IEEE/IFAC PDES Conference},
  pages={28-37},
  year={2016},
}
%Wu

@article{wu2018customized,
  title={A Customized Real-time Compilation for Motion Control in Embedded PLCs},
  author={Wu, Huifeng and Yan, Yi and Sun, Danfeng and Rene, Simon},
  journal={IEEE Transactions on Industrial Informatics},
  year={2018},
  publisher={IEEE}
}

@article{Sch2013Development,
  title={Development of PLC-Based Software for Increasing the Dependability of Production Automation Systems},
  author={Schütz, Daniel and Wannagat, Andreas and Legat, Christoph and Vogel-Heuser, Birgit},
  journal={IEEE Transactions on Industrial Informatics},
  volume={9},
  number={4},
  pages={2397-2406},
  year={2013},
}
@article{Morenas2017Shop,
  title={Shop Floor Control: A Physical Agents Approach for PLC-Controlled Systems},
  author={Morenas, Javier De Las and Ansola, Pablo García and García, Andrés},
  journal={IEEE Transactions on Industrial Informatics},
  volume={PP},
  number={99},
  pages={1-1},
  year={2017},
}


@article{Zaeh2005A,
  title={A Model-Based Method to Develop PLC Software for Machine Tools},
  author={Zaeh, M. F. and Poernbacher, C. and Milberg, J.},
  journal={CIRP Annals - Manufacturing Technology},
  volume={54},
  number={1},
  pages={371-374},
  year={2005},
}

@article{Hossain2014Advanced,
  title={Advanced control software framework for process control applications},
  author={Hossain, Shazzat and Hussain, M. A. and Omar, Rosli Bin},
  journal={International Journal of Computational Intelligence Systems},
  volume={7},
  number={1},
  pages={37-49},
  year={2014},
}

%OpenPLC
@inproceedings{alves2014openplc,
  title={OpenPLC: An open source alternative to automation},
  author={Alves, Thiago Rodrigues and Buratto, Mario and de Souza, Flavio Mauricio and Rodrigues, Thelma Virginia},
  booktitle={IEEE Global Humanitarian Technology Conference (GHTC 2014)},
  pages={585--589},
  year={2014},
  organization={IEEE}
}
%OS
@inproceedings{gaur2015operating,
  title={Operating systems for IoT devices: A critical survey},
  author={Gaur, Padmini and Tahiliani, Mohit P},
  booktitle={Region 10 Symposium (TENSYMP), 2015 IEEE},
  pages={33--36},
  year={2015},
  organization={IEEE}
}
%motion control in PLC

@inproceedings{syaichu2011model,
  title={Model predictive control implementation on a programmable logic controller for DC motor speed control},
  author={Syaichu-Rohman, Arief and Sirius, Raphael},
  booktitle={Electrical Engineering and Informatics (ICEEI), 2011 International Conference on},
  pages={1--4},
  year={2011},
  organization={IEEE}
}

@article{kapernick2014plc,
  title={PLC implementation of a nonlinear model predictive controller},
  author={K{\"a}pernick, Bartosz and Graichen, Knut},
  journal={IFAC Proceedings Volumes},
  volume={47},
  number={3},
  pages={1892--1897},
  year={2014},
  publisher={Elsevier}
}

@inproceedings{ruting2016model,
  title={Model predictive feedforward compensation for control of multi axes hybrid kinematics on PLC},
  author={R{\"u}ting, Arne and Blumenthal, Lars Martin and Tr{\"a}chtler, Ansgar},
  booktitle={Industrial Electronics Society, IECON 2016-42nd Annual Conference of the IEEE},
  pages={583--588},
  year={2016},
  organization={IEEE}
}
%


@article{Shi2016The,
  title={The Research of Circular Interpolation Motion Control Based on Rectangular Coordinate Robot},
  author={Shi, Xiu Min and Fei, Wei Jie and Deng, San Peng},
  journal={Key Engineering Materials},
  volume={693},
  pages={1792-1798},
  year={2016},
}
@article{Fang2017Design,
  title={Design and research of multi axis motion control system based on PLC},
  author={Fang, N.},
  journal={Academic Journal of Manufacturing Engineering},
  volume={15},
  number={1},
  pages={17-23},
  year={2017},
}




@article{Peng2011Linear,
  title={Linear Motor Velocity and Acceleration Motion Control Study Based on PID+Velocity and Acceleration Feedforward Parameters Adjustment},
  author={Peng, Wen Fang and Li, Guang Hui and Wu, Peng and Tan, Guang Yu},
  journal={Materials Science Forum},
  volume={697-698},
  pages={239-243},
  year={2011},
}

@article{Qian2014A,
  title={A 5-DOF Combined Robot Platform for Automatic 3D Measurement},
  author={Qian, Jun and Zhu, Hua Bing and Wang, Shu Wang and Zeng, Yi Shan},
  journal={Key Engineering Materials},
  volume={579-580},
  pages={641-644},
  year={2014},
}

@MANUAL{Panasonic2011Programmable,
  title =        {Programmable controller FP2 Positioning Unit Mannual},
  author =       {Panasonic Co.Ltd},
  year =         {2011}
}




%IEC61131-3
 @manual{IEC1993Programmable,
  title={Programmable controllers - part 3: Programming languages.},
  author={IEC 61131-3},
  year={1993},
}


@article{S2006Advanced,
  title={Advanced use of PLCopen motion control library for autonomous servo drives in IEC 61499 based automation and control systems},
  author={Sünder, C. and Zoitl, A. and Mehofer, F. and Favre-Bulle, B.},
  journal={E \& I Elektrotechnik Und Informationstechnik},
  volume={123},
  number={5},
  pages={191-196},
  year={2006},
}

@manual{PLCopen2005Function,
  title={Function blocks for motion control version 1.1},
  author={PLCopen Technical Commitee 2.},
  year={2005},
}

@article{OMRON2006CS1W,
  title={CS1W-MC221(-V1)/MC421(-V1) Motion Control Units.},
  author={OMRON Co.Ltd},
  journal={Operation Mannual},
  year={2004},
}

 @article{3S2017Logic,
  title={Logic and motion control integrated in one IEC 61131-3 system:Development kit for convenient engineering of motion, CNC and robot applications.},
  author={Smart Software Solutions GmbH},
  year={2017},
}


%Object
@inproceedings{Bonfe2001Object,
  title={Object-oriented approach to PLC software design for a manufacture machinery using IEC 61131-3 norm languages},
  author={Bonfe, M. and Fantuzzi, C.},
  booktitle={Ieee/asme International Conference on Advanced Intelligent Mechatronics, 2001. Proceedings},
  pages={787-792 vol.2},
  year={2001},
}
@article{Werner2009Object,
  title={Object-oriented extensions for iec 61131-3},
  author={Werner, B},
  journal={Industrial Electronics Magazine IEEE},
  volume={3},
  number={4},
  pages={36-39},
  year={2009},
}

@article{Basile2013On,
  title={On the Implementation of Industrial Automation Systems Based on PLC},
  author={Basile, Francesco and Chiacchio, Pasquale and Gerbasio, Diego},
  journal={IEEE Transactions on Automation Science \& Engineering},
  volume={10},
  number={4},
  pages={990-1003},
  year={2013},
}
%end

%model-based
@article{Bonf2013Design,
  title={Design patterns for model-based automation software design and implementation},
  author={Bonfè, Marcello and Fantuzzi, Cesare and Secchi, Cristian},
  journal={Control Engineering Practice},
  volume={21},
  number={11},
  pages={1608-1619},
  year={2013},
}

@article{Vyatkin2013Software,
  title={Software Engineering in Industrial Automation: State-of-the-Art Review},
  author={Vyatkin, Valeriy},
  journal={IEEE Transactions on Industrial Informatics},
  volume={9},
  number={3},
  pages={1234-1249},
  year={2013},
}
%end


@book{John2010IEC,
  title={IEC 61131-3: Programming Industrial Automation Systems},
  author={John, Karl Heinz and Tiegelkamp, Michael},
  publisher={Springer Berlin Heidelberg},
  pages={19-23},
  year={2010},
}

%need to update below
@article{Dubois2002Memory,
  title={Memory Access Dependencies in Shared-Memory Multiprocessors},
  author={Dubois, Michel and Scheurich, Christoph},
  journal={IEEE Transactions on Software Engineering},
  volume={16},
  number={6},
  pages={660-673},
  year={2002},
}
@article{Patel2006Processor,
  title={Processor-memory interconnections for multiprocessors},
  author={Patel, Janak H},
  journal={IEEE Transactions on Computers},
  volume={C-30},
  number={10},
  pages={771-780},
  year={2006},
}
@article{Zhu2016Providing,
  title={Providing Balanced Mapping for Multiple Applications in Many-Core Chip Multiprocessors},
  author={Zhu, Di and Chen, Lizhong and Yue, Siyu and Pinkston, Timothy and Pedram, Massoud},
  journal={IEEE Transactions on Computers},
  volume={65},
  number={10},
  pages={3122-3135},
  year={2016},
}
@article{Albarakat2017MTB,
  title={MTB-Fetch: Multithreading Aware Hardware Prefetching for Chip Multiprocessors},
  author={Albarakat, Laith M. and Gratz, Paul V. and Jiménez, Daniel A.},
  journal={IEEE Computer Architecture Letters},
  volume={PP},
  number={99},
  pages={1-1},
  year={2017},
}
%end


%
@article{Verscheure2016User,
  title={User-oriented QoS in packet video delivery},
  author={Verscheure, O. and Garcia, X. and Karlsson, G. and Hubaux, J. P.},
  journal={IEEE Network},
  volume={12},
  number={6},
  pages={12-21},
  year={2016},
}

@article{Choi2017A,
  title={A Fog Operating System for User-Oriented IoT Services: Challenges and Research Directions},
  author={Choi, Nakjung and Kim, Daewoo and Lee, Sung Ju and Yi, Yung},
  journal={IEEE Communications Magazine},
  volume={55},
  number={8},
  pages={44-51},
  year={2017},
}
%




@article{Yan2010Compiling,
  title={Compiling Ladder Diagram into Instruction List to comply with IEC 61131-3},
  author={Yan, Yi and Zhang, Hangping},
  journal={Computers in Industry},
  volume={61},
  number={5},
  pages={448-462},
  year={2010},
}

%FSM
@article{Hierons2016Parallel,
  title={Parallel Algorithms for Testing Finite State Machines: Generating UIO sequences.},
  author={Hierons, Robert M. and Turker, Uraz C.},
  journal={IEEE Transactions on Software Engineering},
  volume={42},
  number={11},
  pages={1077-1091},
  year={2016},
}

@article{prahofer2017static,
  title={Static code analysis of iec 61131-3 programs: Comprehensive tool support and experiences from large-scale industrial application},
  author={Pr{\"a}hofer, Herbert and Angerer, Florian and Ramler, Rudolf and Grillenberger, Friedrich},
  journal={IEEE Transactions on Industrial Informatics},
  volume={13},
  number={1},
  pages={37--47},
  year={2017},
  publisher={IEEE}
}
